@article{choi2022,
  author  = {Choi, W. and others},
  title   = {Challenges and prospects of DRAM cell capacitor scaling},
  journal = {IEEE Transactions on Electron Devices},
  year    = {2022},
  volume  = {69},
  number  = {6},
  pages   = {2771--2778}
}

@article{noheda2023,
  author  = {Noheda, B. and others},
  title   = {Ferroelectric hafnia: Path to devices},
  journal = {Nature Reviews Materials},
  year    = {2023},
  volume  = {8},
  pages   = {653--672}
}

@article{martin2020,
  author  = {Martin, D. and others},
  title   = {Review of FeRAM and FeFET scaling challenges},
  journal = {Advanced Electronic Materials},
  year    = {2020},
  volume  = {6},
  number  = {9},
  pages   = {2000305}
}
