@misc{IRDS2024,
  title = {International Roadmap for Devices and Systems (IRDS) 2024},
  year = {2024},
  howpublished = {\url{https://irds.ieee.org/}}
}

@inproceedings{TakagiIEDM2023,
  author = {Takagi, S. and others},
  title = {Prospects of 2D-material FETs for beyond-CMOS},
  booktitle = {IEEE IEDM Technical Digest},
  year = {2023}
}

@article{LiuNatElec2022,
  author = {Liu, C. and others},
  title = {Monolithic 3D integration for memory-centric computing},
  journal = {Nature Electronics},
  year = {2022}
}

@article{FertRMP2019,
  author = {Fert, A. and others},
  title = {Spintronics: The future of logic and memory},
  journal = {Reviews of Modern Physics},
  year = {2019}
}
